<collection xmlns="http://www.loc.gov/MARC21/slim">
<record>
  <leader>01266nam0a22002651i 450 </leader>
  <controlfield tag="001">IT\ICCU\CNCE\070876</controlfield>
  <controlfield tag="005">20071031000000.0</controlfield>
  <datafield tag="012" ind1=" " ind2=" ">
    <subfield code="a">i-ca e,to a;o, debu (3) 1599 (R)</subfield>
    <subfield code="2">fei</subfield>
  </datafield>
  <datafield tag="100" ind1=" " ind2=" ">
    <subfield code="a">20070606d1599        0itac0103    ba</subfield>
  </datafield>
  <datafield tag="101" ind1=" " ind2=" ">
    <subfield code="a">ITA</subfield>
  </datafield>
  <datafield tag="102" ind1=" " ind2=" ">
    <subfield code="a">IT</subfield>
  </datafield>
  <datafield tag="200" ind1="1" ind2=" ">
    <subfield code="a">℗L&apos;℗eccellenza, et trionfo del porco, discorso piaceuole di Giulio Cesare Croce, diuiso in cinque capi. ... Con un capitolo alle muse, inuitandole al detto trionfo</subfield>
  </datafield>
  <datafield tag="210" ind1=" " ind2=" ">
    <subfield code="a">In Vicenza</subfield>
    <subfield code="c">per gli heredi di Perin libraro</subfield>
    <subfield code="d">1599</subfield>
  </datafield>
  <datafield tag="215" ind1=" " ind2=" ">
    <subfield code="a">72 p.</subfield>
    <subfield code="d">8ʻ</subfield>
  </datafield>
  <datafield tag="620" ind1=" " ind2=" ">
    <subfield code="a">IT</subfield>
    <subfield code="d">Vicenza</subfield>
  </datafield>
  <datafield tag="700" ind1=" " ind2="1">
    <subfield code="a">Croce,</subfield>
    <subfield code="b">Giulio Cesare</subfield>
    <subfield code="3">IT\ICCU\CNCA\003591</subfield>
  </datafield>
  <datafield tag="712" ind1="0" ind2="2">
    <subfield code="a">Perin - eredi</subfield>
    <subfield code="3">IT\ICCU\CNCT\000120</subfield>
    <subfield code="4">650</subfield>
  </datafield>
  <datafield tag="790" ind1=" " ind2="0">
    <subfield code="a">Academico frusto</subfield>
    <subfield code="3">IT\ICCU\CNCA\012334</subfield>
    <subfield code="z">Croce, Giulio Cesare</subfield>
  </datafield>
  <datafield tag="790" ind1=" " ind2="0">
    <subfield code="a">℗Il ℗Capriccioso Accademico Bizzarro</subfield>
    <subfield code="3">IT\ICCU\CNCA\013152</subfield>
    <subfield code="z">Croce, Giulio Cesare</subfield>
  </datafield>
  <datafield tag="790" ind1=" " ind2="1">
    <subfield code="a">Della_Croce,</subfield>
    <subfield code="b">Giulio Cesare</subfield>
    <subfield code="3">IT\ICCU\CNCA\015199</subfield>
    <subfield code="z">Croce, Giulio Cesare</subfield>
  </datafield>
  <datafield tag="790" ind1=" " ind2="1">
    <subfield code="a">Dalla_Croce,</subfield>
    <subfield code="b">Giulio Cesare</subfield>
    <subfield code="3">IT\ICCU\CNCA\015200</subfield>
    <subfield code="z">Croce, Giulio Cesare</subfield>
  </datafield>
  <datafield tag="790" ind1=" " ind2="1">
    <subfield code="a">Della_Lira,</subfield>
    <subfield code="b">Giulio</subfield>
    <subfield code="3">IT\ICCU\CNCA\015202</subfield>
    <subfield code="z">Croce, Giulio Cesare</subfield>
  </datafield>
  <datafield tag="790" ind1=" " ind2="1">
    <subfield code="a">Salcizza,</subfield>
    <subfield code="b">Zan</subfield>
    <subfield code="3">IT\ICCU\CNCA\017811</subfield>
    <subfield code="z">Croce, Giulio Cesare</subfield>
  </datafield>
  <datafield tag="801" ind1=" " ind2="3">
    <subfield code="a">IT</subfield>
    <subfield code="b">ICCU</subfield>
    <subfield code="c">20201115</subfield>
  </datafield>
  <datafield tag="899" ind1=" " ind2=" ">
    <subfield code="a">Biblioteca comunale dell&apos;Archiginnasio. Bologna</subfield>
    <subfield code="1">BO0304</subfield>
    <subfield code="2">UBO GA</subfield>
  </datafield>
</record>
</collection>
